@Article{Brooks,
  title={Intelligence without representation},
  author={Brooks, Rodney A},
  journal={Artificial intelligence},
  volume={47},
  number={1-3},
  pages={139--159},
  year={1991},
  publisher={Elsevier}
}

@inproceedings{Bryson,
  title={Action selection and individuation in agent based modelling},
  author={Bryson, Joanna J},
  booktitle={Proceedings of agent},
  pages={317--330},
  year={2003}
}